@article{Quelle2012,
	author   = {Vorname Nachname},
	title    = {{Titel des Artikels}},
	year     = {2012},
	month    = {10},
	journal  = {Testjournal},
	number   = {2},
	pages    = {1--42},
	abstract = {Testabstract},
	url      = {http://www.testurl.de/test.pdf},
}

@online{spring,
  author = {Spring Community},
  title = {{Spring is a free RTS game engine}},
  year = 2018,
  url = {https://springrts.com},
  urldate = {2018-04-27}
}

@online{unity,
  author = {Unity Technologies},
  title = {{Unity}},
  year = 2018,
  url = {https://unity3d.com/},
  urldate = {2018-04-27}
}

@online{nn-bib,
  author = {Franck Fleurey},
  title = {{C# Neural network library}},
  year = 2018,
  url = {http://franck.fleurey.free.fr/NeuralNetwork},
  urldate = {2018-04-27}
}
